<collection xmlns="http://www.loc.gov/MARC21/slim">
<record>
  <leader>01519nam0a22002531i 450 </leader>
  <controlfield tag="001">IT\ICCU\CNCE\054056</controlfield>
  <controlfield tag="005">20030212000000.0</controlfield>
  <datafield tag="012" ind1=" " ind2=" ">
    <subfield code="a">I.i- te,e elga tofo (3) 1522 (T)</subfield>
    <subfield code="2">fei</subfield>
  </datafield>
  <datafield tag="100" ind1=" " ind2=" ">
    <subfield code="a">20030212d1522        0itac0103    ba</subfield>
  </datafield>
  <datafield tag="101" ind1=" " ind2=" ">
    <subfield code="a">ITA</subfield>
  </datafield>
  <datafield tag="102" ind1=" " ind2=" ">
    <subfield code="a">IT</subfield>
  </datafield>
  <datafield tag="200" ind1="1" ind2=" ">
    <subfield code="a">℗Guidon ℗in cirugia. Inventario: ouer collectorio uniuersalissimo de tutte le cose notabele delli antiquissimi medici Hebrei, Greci, Latini, &amp; Arabi, spectante alla arte cyrugical ... Composto et ingeniosamente compilado nello anno ... mille tresento &amp; sesanta tre per ... Guidon d&apos;Gualiaco, ordenario lector in lo celeberrimo studio de monpolier el qual inuentario, ouer collectorio e distincto in octo singularissimi tractadi, tutta la cyrugia ...</subfield>
  </datafield>
  <datafield tag="210" ind1=" " ind2=" ">
    <subfield code="e">Stampado nella inclita citta di Venetia</subfield>
    <subfield code="g">per Cesaro Arriuabeno venitiano</subfield>
    <subfield code="h">1522 a di vii Zener</subfield>
  </datafield>
  <datafield tag="215" ind1=" " ind2=" ">
    <subfield code="a">\4!, LXV, \2! c.: ill.</subfield>
    <subfield code="d">fol</subfield>
  </datafield>
  <datafield tag="620" ind1=" " ind2=" ">
    <subfield code="a">IT</subfield>
    <subfield code="d">Venezia</subfield>
  </datafield>
  <datafield tag="700" ind1=" " ind2="1">
    <subfield code="a">Chauliac,</subfield>
    <subfield code="b">Guy : de</subfield>
    <subfield code="3">IT\ICCU\CNCA\002974</subfield>
  </datafield>
  <datafield tag="712" ind1="0" ind2="0">
    <subfield code="a">Arrivabene, Cesare</subfield>
    <subfield code="3">IT\ICCU\CNCT\000651</subfield>
    <subfield code="4">650</subfield>
  </datafield>
  <datafield tag="790" ind1=" " ind2="1">
    <subfield code="a">Cauliacus,</subfield>
    <subfield code="b">Guido</subfield>
    <subfield code="3">IT\ICCU\CNCA\007932</subfield>
    <subfield code="z">Chauliac, Guy : de</subfield>
  </datafield>
  <datafield tag="790" ind1=" " ind2="1">
    <subfield code="a">Cauliaco,</subfield>
    <subfield code="b">Guido : de</subfield>
    <subfield code="3">IT\ICCU\CNCA\013084</subfield>
    <subfield code="z">Chauliac, Guy : de</subfield>
  </datafield>
  <datafield tag="790" ind1=" " ind2="0">
    <subfield code="a">Guy</subfield>
    <subfield code="c"> : de#Chauliac</subfield>
    <subfield code="3">IT\ICCU\CNCA\013201</subfield>
    <subfield code="z">Chauliac, Guy : de</subfield>
  </datafield>
  <datafield tag="791" ind1="0" ind2="0">
    <subfield code="a">Arrivabenus, Caesar</subfield>
    <subfield code="3">IT\ICCU\CNCT\004261</subfield>
    <subfield code="z">Arrivabene, Cesare</subfield>
  </datafield>
  <datafield tag="791" ind1="0" ind2="0">
    <subfield code="a">Arrivabeno, Caesaro</subfield>
    <subfield code="3">IT\ICCU\CNCT\004262</subfield>
    <subfield code="z">Arrivabene, Cesare</subfield>
  </datafield>
  <datafield tag="801" ind1=" " ind2="3">
    <subfield code="a">IT</subfield>
    <subfield code="b">ICCU</subfield>
    <subfield code="c">20201115</subfield>
  </datafield>
  <datafield tag="899" ind1=" " ind2=" ">
    <subfield code="a">Biblioteca dell&apos;Accademia nazionale dei Lincei e Corsiniana. Roma</subfield>
    <subfield code="1">RM0418</subfield>
    <subfield code="2">RML 10</subfield>
  </datafield>
</record>
</collection>
